<?xml version="1.0" encoding="UTF-8"?><collection xmlns="http://www.loc.gov/MARC21/slim"><record><leader>00349nam--2200133-i-4500</leader><controlfield tag="001">000020544</controlfield><controlfield tag="002">20161230</controlfield><controlfield tag="005">20161230201033</controlfield><controlfield tag="008">060222s1000------------r-----000-0-eng-d</controlfield><datafield ind1=" " ind2=" " tag="080"><subfield code="a">530.145</subfield></datafield><datafield ind1=" " ind2=" " tag="100"><subfield code="a">Ketov, S.V</subfield></datafield><datafield ind1=" " ind2=" " tag="245"><subfield code="a">Nelineinie sigma-modeli v kvntovoi teorii polia n teorii strun</subfield></datafield><datafield ind1=" " ind2=" " tag="260"><subfield code="a">Novosibirsk, Nauka, 1992. 235 P</subfield></datafield><datafield ind1=" " ind2=" " tag="852"><subfield code="a">80432</subfield></datafield></record></collection>